<?xml version="1.0" encoding="UTF-8"?>
  <record xmlns="http://www.loc.gov/MARC21/slim" type="Authority">
    <leader>00000nz  a2200000oc 4500</leader>
    <controlfield tag="001">12464029X</controlfield>
    <controlfield tag="003">DE-101</controlfield>
    <controlfield tag="005">20220323003030.0</controlfield>
    <controlfield tag="008">030507n||aznnnaabn           | aaa    |c</controlfield>
    <datafield tag="024" ind1="7" ind2=" ">
      <subfield code="a">12464029X</subfield>
      <subfield code="0">http://d-nb.info/gnd/12464029X</subfield>
      <subfield code="2">gnd</subfield>
    </datafield>
    <datafield tag="035" ind1=" " ind2=" ">
      <subfield code="a">(DE-101)12464029X</subfield>
    </datafield>
    <datafield tag="035" ind1=" " ind2=" ">
      <subfield code="a">(DE-588)12464029X</subfield>
    </datafield>
    <datafield tag="035" ind1=" " ind2=" ">
      <subfield code="z">(DE-588)128979771</subfield>
    </datafield>
    <datafield tag="035" ind1=" " ind2=" ">
      <subfield code="z">(DE-588a)128979771</subfield>
      <subfield code="9">v:zg</subfield>
    </datafield>
    <datafield tag="035" ind1=" " ind2=" ">
      <subfield code="z">(DE-588a)12464029X</subfield>
      <subfield code="9">v:zg</subfield>
    </datafield>
    <datafield tag="040" ind1=" " ind2=" ">
      <subfield code="a">DE-32</subfield>
      <subfield code="c">DE-32</subfield>
      <subfield code="9">r:DE-601</subfield>
      <subfield code="b">ger</subfield>
      <subfield code="d">9999</subfield>
    </datafield>
    <datafield tag="042" ind1=" " ind2=" ">
      <subfield code="a">gnd2</subfield>
    </datafield>
    <datafield tag="043" ind1=" " ind2=" ">
      <subfield code="c">XA-DE</subfield>
      <subfield code="c">XA-CZ</subfield>
    </datafield>
    <datafield tag="075" ind1=" " ind2=" ">
      <subfield code="b">p</subfield>
      <subfield code="2">gndgen</subfield>
    </datafield>
    <datafield tag="075" ind1=" " ind2=" ">
      <subfield code="b">piz</subfield>
      <subfield code="2">gndspec</subfield>
    </datafield>
    <datafield tag="079" ind1=" " ind2=" ">
      <subfield code="a">g</subfield>
      <subfield code="q">f</subfield>
      <subfield code="q">a</subfield>
      <subfield code="q">z</subfield>
      <subfield code="u">k</subfield>
    </datafield>
    <datafield tag="100" ind1="1" ind2=" ">
      <subfield code="a">Schosser, Christian Theodor</subfield>
    </datafield>
    <datafield tag="400" ind1="1" ind2=" ">
      <subfield code="a">Schosser von Embleben, Christian Theodor</subfield>
    </datafield>
    <datafield tag="400" ind1="1" ind2=" ">
      <subfield code="a">Schosser, Christian Theodorus</subfield>
      <subfield code="9">v:WBIS</subfield>
    </datafield>
    <datafield tag="400" ind1="1" ind2=" ">
      <subfield code="a">Schösser, Christian Theodor</subfield>
    </datafield>
    <datafield tag="400" ind1="1" ind2=" ">
      <subfield code="a">Schösser von Embleben, Christian Theodor</subfield>
    </datafield>
    <datafield tag="400" ind1="1" ind2=" ">
      <subfield code="a">Schosserus, Christianus-Theodorus</subfield>
    </datafield>
    <datafield tag="400" ind1="1" ind2=" ">
      <subfield code="a">Schosser, Christian-Theodor</subfield>
    </datafield>
    <datafield tag="400" ind1="1" ind2=" ">
      <subfield code="a">Schosserus, Christian-Theodorus</subfield>
    </datafield>
    <datafield tag="400" ind1="1" ind2=" ">
      <subfield code="a">Schosserus, Christian-Theodorus</subfield>
      <subfield code="c">Aemilianus</subfield>
    </datafield>
    <datafield tag="400" ind1="1" ind2=" ">
      <subfield code="a">Schosserus, Christian Theodorus</subfield>
    </datafield>
    <datafield tag="400" ind1="1" ind2=" ">
      <subfield code="a">Schesser, Christian Theodor</subfield>
    </datafield>
    <datafield tag="400" ind1="1" ind2=" ">
      <subfield code="a">Schosser von Emleben, Christian Theodor</subfield>
    </datafield>
    <datafield tag="400" ind1="1" ind2=" ">
      <subfield code="a">Schösser von Emleben, Christian Theodor</subfield>
    </datafield>
    <datafield tag="400" ind1="1" ind2=" ">
      <subfield code="a">Schlosser, Christian Theodor</subfield>
      <subfield code="9">v:falsche Namensform</subfield>
    </datafield>
    <datafield tag="400" ind1="1" ind2=" ">
      <subfield code="a">Schosserus, Christian</subfield>
    </datafield>
    <datafield tag="400" ind1="1" ind2=" ">
      <subfield code="a">Schosserus, Christianus</subfield>
    </datafield>
    <datafield tag="400" ind1="1" ind2=" ">
      <subfield code="a">Schösser, Christian</subfield>
    </datafield>
    <datafield tag="400" ind1="1" ind2=" ">
      <subfield code="a">Schösserus, Christian</subfield>
    </datafield>
    <datafield tag="400" ind1="1" ind2=" ">
      <subfield code="a">Schösserus, Christianus</subfield>
    </datafield>
    <datafield tag="400" ind1="1" ind2=" ">
      <subfield code="a">Schosser von Emleben, Christian</subfield>
    </datafield>
    <datafield tag="400" ind1="1" ind2=" ">
      <subfield code="a">Schosser von Embleben, Christian</subfield>
    </datafield>
    <datafield tag="400" ind1="1" ind2=" ">
      <subfield code="a">Schosserus ab Emblebn, Christianus</subfield>
    </datafield>
    <datafield tag="400" ind1="1" ind2=" ">
      <subfield code="a">Schosser, Christian</subfield>
    </datafield>
    <datafield tag="500" ind1="1" ind2=" ">
      <subfield code="0">(DE-101)10430832X</subfield>
      <subfield code="0">(DE-588)10430832X</subfield>
      <subfield code="0">https://d-nb.info/gnd/10430832X</subfield>
      <subfield code="a">Schosser, Johannes</subfield>
      <subfield code="d">1534-1585</subfield>
      <subfield code="4">bezf</subfield>
      <subfield code="4">https://d-nb.info/standards/elementset/gnd#familialRelationship</subfield>
      <subfield code="w">r</subfield>
      <subfield code="i">Beziehung familiaer</subfield>
      <subfield code="e">Beziehung familiaer</subfield>
      <subfield code="9">v:Vater</subfield>
    </datafield>
    <datafield tag="500" ind1="1" ind2=" ">
      <subfield code="a">Jungermann, Christina</subfield>
      <subfield code="4">bezf</subfield>
      <subfield code="4">https://d-nb.info/standards/elementset/gnd#familialRelationship</subfield>
      <subfield code="w">r</subfield>
      <subfield code="i">Beziehung familiaer</subfield>
      <subfield code="e">Beziehung familiaer</subfield>
      <subfield code="9">v:Mutter</subfield>
      <subfield code="9">Z:-1613</subfield>
    </datafield>
    <datafield tag="500" ind1="1" ind2=" ">
      <subfield code="0">(DE-101)129263990</subfield>
      <subfield code="0">(DE-588)129263990</subfield>
      <subfield code="0">https://d-nb.info/gnd/129263990</subfield>
      <subfield code="a">Schösser, Johann Ernst</subfield>
      <subfield code="d">1574-1617</subfield>
      <subfield code="4">bezf</subfield>
      <subfield code="4">https://d-nb.info/standards/elementset/gnd#familialRelationship</subfield>
      <subfield code="w">r</subfield>
      <subfield code="i">Beziehung familiaer</subfield>
      <subfield code="e">Beziehung familiaer</subfield>
      <subfield code="9">v:Bruder</subfield>
    </datafield>
    <datafield tag="500" ind1="1" ind2=" ">
      <subfield code="a">Schosser, Theophil Lorenz</subfield>
      <subfield code="4">bezf</subfield>
      <subfield code="4">https://d-nb.info/standards/elementset/gnd#familialRelationship</subfield>
      <subfield code="w">r</subfield>
      <subfield code="i">Beziehung familiaer</subfield>
      <subfield code="e">Beziehung familiaer</subfield>
      <subfield code="9">v:Sohn</subfield>
      <subfield code="9">Z:1640-</subfield>
    </datafield>
    <datafield tag="548" ind1=" " ind2=" ">
      <subfield code="a">1596-1644</subfield>
      <subfield code="4">datw</subfield>
      <subfield code="4">https://d-nb.info/standards/elementset/gnd#periodOfActivity</subfield>
      <subfield code="w">r</subfield>
      <subfield code="i">Wirkungsdaten</subfield>
    </datafield>
    <datafield tag="550" ind1=" " ind2=" ">
      <subfield code="0">(DE-101)040031578</subfield>
      <subfield code="0">(DE-588)4003157-3</subfield>
      <subfield code="0">https://d-nb.info/gnd/4003157-3</subfield>
      <subfield code="a">Arzt</subfield>
      <subfield code="4">beru</subfield>
      <subfield code="4">https://d-nb.info/standards/elementset/gnd#professionOrOccupation</subfield>
      <subfield code="w">r</subfield>
      <subfield code="i">Beruf</subfield>
    </datafield>
    <datafield tag="550" ind1=" " ind2=" ">
      <subfield code="0">(DE-101)040250989</subfield>
      <subfield code="0">(DE-588)4025098-2</subfield>
      <subfield code="0">https://d-nb.info/gnd/4025098-2</subfield>
      <subfield code="a">Historiker</subfield>
      <subfield code="4">beru</subfield>
      <subfield code="4">https://d-nb.info/standards/elementset/gnd#professionOrOccupation</subfield>
      <subfield code="w">r</subfield>
      <subfield code="i">Beruf</subfield>
    </datafield>
    <datafield tag="550" ind1=" " ind2=" ">
      <subfield code="0">(DE-101)041683919</subfield>
      <subfield code="0">(DE-588)4168391-2</subfield>
      <subfield code="0">https://d-nb.info/gnd/4168391-2</subfield>
      <subfield code="a">Lyriker</subfield>
      <subfield code="4">beru</subfield>
      <subfield code="4">https://d-nb.info/standards/elementset/gnd#professionOrOccupation</subfield>
      <subfield code="w">r</subfield>
      <subfield code="i">Beruf</subfield>
    </datafield>
    <datafield tag="550" ind1=" " ind2=" ">
      <subfield code="0">(DE-101)041770080</subfield>
      <subfield code="0">(DE-588)4177008-0</subfield>
      <subfield code="0">https://d-nb.info/gnd/4177008-0</subfield>
      <subfield code="a">Ratsherr</subfield>
      <subfield code="4">beru</subfield>
      <subfield code="4">https://d-nb.info/standards/elementset/gnd#professionOrOccupation</subfield>
      <subfield code="w">r</subfield>
      <subfield code="i">Beruf</subfield>
    </datafield>
    <datafield tag="550" ind1=" " ind2=" ">
      <subfield code="a">Dr. med.</subfield>
      <subfield code="4">akad</subfield>
      <subfield code="4">https://d-nb.info/standards/elementset/gnd#academicDegree</subfield>
      <subfield code="w">r</subfield>
      <subfield code="i">Akademischer Grad</subfield>
    </datafield>
    <datafield tag="551" ind1=" " ind2=" ">
      <subfield code="0">(DE-101)040181227</subfield>
      <subfield code="0">(DE-588)4018122-4</subfield>
      <subfield code="0">https://d-nb.info/gnd/4018122-4</subfield>
      <subfield code="a">Frankfurt (Oder)</subfield>
      <subfield code="4">ortg</subfield>
      <subfield code="4">https://d-nb.info/standards/elementset/gnd#placeOfBirth</subfield>
      <subfield code="w">r</subfield>
      <subfield code="i">Geburtsort</subfield>
    </datafield>
    <datafield tag="551" ind1=" " ind2=" ">
      <subfield code="0">(DE-101)040861392</subfield>
      <subfield code="0">(DE-588)4086139-9</subfield>
      <subfield code="0">https://d-nb.info/gnd/4086139-9</subfield>
      <subfield code="a">Aussig</subfield>
      <subfield code="4">ortw</subfield>
      <subfield code="4">https://d-nb.info/standards/elementset/gnd#placeOfActivity</subfield>
      <subfield code="w">r</subfield>
      <subfield code="i">Wirkungsort</subfield>
    </datafield>
    <datafield tag="667" ind1=" " ind2=" ">
      <subfield code="a">VD-17</subfield>
    </datafield>
    <datafield tag="670" ind1=" " ind2=" ">
      <subfield code="a">CSBA 548,240-246</subfield>
    </datafield>
    <datafield tag="670" ind1=" " ind2=" ">
      <subfield code="a">Flood, J.L. Poets laureate</subfield>
    </datafield>
    <datafield tag="670" ind1=" " ind2=" ">
      <subfield code="a">Ressel, Anton: Alt-Aussiger Familien, 1923, S. 10-11</subfield>
    </datafield>
    <datafield tag="672" ind1=" " ind2="0">
      <subfield code="a">Schosser, Christian Theodor: Inscriptiones nobiliores totius Europae. - 1520 [i.e. 1620]</subfield>
    </datafield>
    <datafield tag="672" ind1=" " ind2="0">
      <subfield code="a">Schosser, Christian Theodor: Kurtze jedoch Gründliche Beschreibung der gantzen Churfürstlichen Mark zu Brandenburg. - 1617</subfield>
    </datafield>
    <datafield tag="672" ind1=" " ind2="0">
      <subfield code="a">Schosser, Christian Theodor: Emblematum. - 1614</subfield>
    </datafield>
    <datafield tag="678" ind1=" " ind2=" ">
      <subfield code="b">Deutscher Philosoph, Mediziner, Poet, Historiker; Poeta laureatus; kurbrandenburg. Historicus; ab 1596 Student der Medizin und Mathematik in Frankfurt (Oder) und zahlreichen anderen Orten; ca. 1615 Promotion zum Dr. phil. &amp; med.; ab 1616 in Aussig; ab 1622 königl.-böhmisch. Physikus in Aussig, 1629-1630 auch Ratsherr</subfield>
    </datafield>
    <datafield tag="913" ind1=" " ind2=" ">
      <subfield code="S">pnd</subfield>
      <subfield code="i">a</subfield>
      <subfield code="a">Schosser, Christian Theodor</subfield>
      <subfield code="0">(DE-588a)12464029X</subfield>
    </datafield>
    <datafield tag="913" ind1=" " ind2=" ">
      <subfield code="S">pnd</subfield>
      <subfield code="i">a</subfield>
      <subfield code="a">Schosser, Christian</subfield>
      <subfield code="0">(DE-588a)128979771</subfield>
    </datafield>
  </record>
